@inproceedings{broder2002taxonomy,
  title={A taxonomy of web search},
  author={Broder, Andrei},
  booktitle={ACM Sigir forum},
  volume={36},
  number={2},
  pages={3--10},
  year={2002},
  organization={ACM New York, NY, USA}
}
@article{zhanargoverse,
  title={The Argoverse Trajectory Retrieval Benchmark},
  author={Zhan, Eric and Singh, Jagjeet and Argo, AI and Yue, Yisong and Hartnett, Andrew}
}
@techreport{clarke2009overview,
  title={Overview of the trec 2009 web track},
  author={Clarke, Charles L and Craswell, Nick and Soboroff, Ian},
  year={2009},
  institution={WATERLOO UNIV (ONTARIO)}
}
@inproceedings{vallet2008inferring,
  title={Inferring the most important types of a query: a semantic approach},
  author={Vallet, David and Zaragoza, Hugo},
  booktitle={Proceedings of the 31st annual international ACM SIGIR conference on research and development in information retrieval},
  pages={857--858},
  year={2008}
}




