@inproceedings{carterette2009million,
  title={Million Query Track 2009 Overview.},
  author={Carterette, Ben and Pavlu, Virgiliu and Fang, Hui and Kanoulas, Evangelos},
  booktitle={TREC},
  year={2009},
  organization={Citeseer}
}
@inproceedings{tamannaee2020reque,
  title={Reque: a configurable workflow and dataset collection for query refinement},
  author={Tamannaee, Mahtab and Fani, Hossein and Zarrinkalam, Fattane and Samouh, Jamil and Paydar, Samad and Bagheri, Ebrahim},
  booktitle={Proceedings of the 29th ACM International Conference on Information \& Knowledge Management},
  pages={3165--3172},
  year={2020}
}


@online{WinNT,
  author = {TREC},
  title = {{TREC 2099} Million Query Track},
  year = 2010,
  url = {https://trec.nist.gov/data/million.query09.html},
  urldate = {2010-02-9}
}

@misc{ enwiki:1082128332,
    author = "{Wikipedia contributors}",
    title = "Okapi BM25 --- {Wikipedia}{,} The Free Encyclopedia",
    year = "2022",
    url = "https://en.wikipedia.org/w/index.php?title=Okapi_BM25&oldid=1082128332",
    note = "[Online; accessed 3-May-2022]"
}
 @misc{ enwiki:1077036698,
    author = "{Wikipedia contributors}",
    title = "Evaluation measures (information retrieval) --- {Wikipedia}{,} The Free Encyclopedia",
    year = "2022",
    url = "https://en.wikipedia.org/w/index.php?title=Evaluation_measures_(information_retrieval)&oldid=1077036698",
    note = "[Online; accessed 3-May-2022]"
  }