@article{maron1960relevance,
  title={On relevance, probabilistic indexing and information retrieval},
  author={Maron, Melvin Earl and Kuhns, John Larry},
  journal={Journal of the ACM (JACM)},
  volume={7},
  number={3},
  pages={216--244},
  year={1960},
  publisher={ACM New York, NY, USA}
}
@article{rocchio1971relevance,
  title={Relevance feedback in information retrieval},
  author={Rocchio, Joseph},
  journal={The Smart retrieval system-experiments in automatic document processing},
  pages={313--323},
  year={1971},
  publisher={Prentice Hall}
}
@article{jones1971automatic,
  title={Automatic keyword classification for information retrieval},
  author={Jones, Karen Sparck},
  year={1971},
  publisher={Conn.] Archon Books}
}
@article{jardine1971use,
  title={The use of hierarchic clustering in information retrieval},
  author={Jardine, Nick and van Rijsbergen, Cornelis Joost},
  journal={Information storage and retrieval},
  volume={7},
  number={5},
  pages={217--240},
  year={1971},
  publisher={Elsevier}
}
@article{salton1989automatic,
  title={Automatic text processing: The transformation, analysis, and retrieval of},
  author={Salton, Gerard},
  journal={Reading: Addison-Wesley},
  volume={169},
  year={1989}
}
@article{pal2015exploring,
  title={Exploring query categorisation for query expansion: A study},
  author={Pal, Dipasree and Mitra, Mandar and Bhattacharya, Samar},
  journal={arXiv preprint arXiv:1509.05567},
  year={2015}
}
@article{huang2003relevant,
  title={Relevant term suggestion in interactive web search based on contextual information in query session logs},
  author={Huang, Chien-Kang and Chien, Lee-Feng and Oyang, Yen-Jen},
  journal={Journal of the American Society for Information Science and Technology},
  volume={54},
  number={7},
  pages={638--649},
  year={2003},
  publisher={Wiley Online Library}
}
@article{lankinen2016character,
  title={A character-word compositional neural language model for finnish},
  author={Lankinen, Matti and Heikinheimo, Hannes and Takala, Pyry and Raiko, Tapani and Karhunen, Juha},
  journal={arXiv preprint arXiv:1612.03266},
  year={2016}
}
@inproceedings{park2017neural,
  title={A neural language model for query auto-completion},
  author={Park, Dae Hoon and Chiba, Rikio},
  booktitle={Proceedings of the 40th International ACM SIGIR Conference on Research and Development in Information Retrieval},
  pages={1189--1192},
  year={2017}
}
@inproceedings{song2011post,
  title={Post-ranking query suggestion by diversifying search results},
  author={Song, Yang and Zhou, Dengyong and He, Li-wei},
  booktitle={Proceedings of the 34th international ACM SIGIR conference on Research and development in Information Retrieval},
  pages={815--824},
  year={2011}
}
@inproceedings{chen2017personalized,
  title={Personalized query suggestion diversification},
  author={Chen, Wanyu and Cai, Fei and Chen, Honghui and de Rijke, Maarten},
  booktitle={Proceedings of the 40th International ACM SIGIR Conference on Research and Development in Information Retrieval},
  pages={817--820},
  year={2017}
}
@inproceedings{pass2006picture,
  title={A picture of search},
  author={Pass, Greg and Chowdhury, Abdur and Torgeson, Cayley},
  booktitle={Proceedings of the 1st international conference on Scalable information systems},
  pages={1--es},
  year={2006}
}
@inproceedings{ahmad2019context,
  title={Context attentive document ranking and query suggestion},
  author={Ahmad, Wasi Uddin and Chang, Kai-Wei and Wang, Hongning},
  booktitle={Proceedings of the 42nd International ACM SIGIR Conference on Research and Development in Information Retrieval},
  pages={385--394},
  year={2019}
}
@article{fiorini2018personalized,
  title={Personalized neural language models for real-world query auto completion},
  author={Fiorini, Nicolas and Lu, Zhiyong},
  journal={arXiv preprint arXiv:1804.06439},
  year={2018}
}
@inproceedings{dehghani2017learning,
  title={Learning to attend, copy, and generate for session-based query suggestion},
  author={Dehghani, Mostafa and Rothe, Sascha and Alfonseca, Enrique and Fleury, Pascal},
  booktitle={Proceedings of the 2017 ACM on Conference on Information and Knowledge Management},
  pages={1747--1756},
  year={2017}
}
@inproceedings{konstas2009social,
  title={On social networks and collaborative recommendation},
  author={Konstas, Ioannis and Stathopoulos, Vassilios and Jose, Joemon M},
  booktitle={Proceedings of the 32nd international ACM SIGIR conference on Research and development in information retrieval},
  pages={195--202},
  year={2009}
}
@inproceedings{ma2011recommender,
  title={Recommender systems with social regularization},
  author={Ma, Hao and Zhou, Dengyong and Liu, Chao and Lyu, Michael R and King, Irwin},
  booktitle={Proceedings of the fourth ACM international conference on Web search and data mining},
  pages={287--296},
  year={2011}
}
@article{amato2019sos,
  title={SOS: A multimedia recommender System for Online Social networks},
  author={Amato, Flora and Moscato, Vincenzo and Picariello, Antonio and Piccialli, Francesco},
  journal={Future generation computer systems},
  volume={93},
  pages={914--923},
  year={2019},
  publisher={Elsevier}
}
@article{margaris2018query,
  title={Query personalization using social network information and collaborative filtering techniques},
  author={Margaris, Dionisis and Vassilakis, Costas and Georgiadis, Panagiotis},
  journal={Future Generation Computer Systems},
  volume={78},
  pages={440--450},
  year={2018},
  publisher={Elsevier}
}
@inproceedings{grbovic2015querycategorizr,
  title={querycategorizr: A large-scale semi-supervised system for categorization of web search queries},
  author={Grbovic, Mihajlo and Djuric, Nemanja and Radosavljevic, Vladan and Bhamidipati, Narayan and Hawker, Jordan and Johnson, Caleb},
  booktitle={Proceedings of the 24th International Conference on World Wide Web},
  pages={199--202},
  year={2015}
}
@inproceedings{santos2011intent,
  title={Intent-aware search result diversification},
  author={Santos, Rodrygo LT and Macdonald, Craig and Ounis, Iadh},
  booktitle={Proceedings of the 34th international ACM SIGIR conference on Research and development in Information Retrieval},
  pages={595--604},
  year={2011}
}
@techreport{clarke2009overview,
  title={Overview of the trec 2009 web track},
  author={Clarke, Charles L and Craswell, Nick and Soboroff, Ian},
  year={2009},
  institution={WATERLOO UNIV (ONTARIO)}
}
@inproceedings{vallet2008inferring,
  title={Inferring the most important types of a query: a semantic approach},
  author={Vallet, David and Zaragoza, Hugo},
  booktitle={Proceedings of the 31st annual international ACM SIGIR conference on research and development in information retrieval},
  pages={857--858},
  year={2008}
}
@inproceedings{broder2002taxonomy,
  title={A taxonomy of web search},
  author={Broder, Andrei},
  booktitle={ACM Sigir forum},
  volume={36},
  number={2},
  pages={3--10},
  year={2002},
  organization={ACM New York, NY, USA}
}